% Bibliography of CRS related papers...

% Strings.

@string{cacm    = {{C}ommunications of the {ACM}}}
@string{ic	= {{I}nformation and {C}omputation}}
@string{lncs	= {{L}ecture {N}otes in {C}omputer {S}cience}}
@string{tcs	= {{T}heor. {C}omputer {S}cience}}
@string{jfp     = {{J}ournal of {F}unctional {P}rogramming}}
@string{toplas  = {{ACM} {T}ransactions on {P}rogramming {L}anguages and {S}ystems}}

% Primary CRS references.

@Misc{Aczel:1978,
  author =    {Peter Aczel},
  title =     {A General {C}hurch-{R}osser Theorem},
  howpublished = {\url{http://www.ens-lyon.fr/LIP/REWRITING/MISC/AGeneralChurch-RosserTheorem.pdf}},
  month =     jul,
  year =      1978,
  note =      {Corrections at \url{http://www.ens-lyon.fr/LIP/REWRITING/MISC/AGRT_corrections.pdf}}}

@PhdThesis{Klop:1980,
  author	= {Jan Willem Klop},
  title		= {Combinatory Reduction Systems},
  school	= {University of Utrecht},
  year		= 1980,
  note		= {Also available as Mathematical Centre Tracts 127}
}

@Article{Klop+:tcs1993,
  author  = {Jan Willem Klop and Vincent van Oostrom and Femke van Raamsdonk},
  title	  = {Combinatory Reduction Systems: Introduction and Survey},
  journal = tcs,
  year	  = 1993,
  volume  = 121,
  pages	  = {279-308},
  doi     = {10.1016/0304-3975(93)90091-7}
}

@InProceedings{Oostrom:rta1997,
  author =    {Vincent van Oostrom},
  title =     {Finite Family Developments},
  crossref =  {rta1997},
  pages =     {308-322}
}

@Misc{crsx,
  author =       {Kristoffer Rose},
  title =        {Combinatory Reduction Systems with Extensions},
  howpublished = {GitHub},
  url = {https://github.com/crsx},
  year =         2014
}

@Misc{Rose:nyu2014,
  author = 	 {Kristoffer Rose},
  title = 	 {Compiler Construction},
  howpublished = {NYU Capstone Class},
  year = 	 2014,
  url =          {http://cs.nyu.edu/courses/spring14/CSCI-GA.2130-001/}
}

@Misc{hoacs-ug,
  author =    {Kristoffer Rose},
  title =     {Higher Order Attribute Contraction Schemes User's Guide},
  howpublished = {SourceForge project \url{http://crsx.sf.net}},
  edition =   3,
  month =     jul,
  year =      2013}

@TechReport{Rose:ts2015,
  author = 	 {Kristoffer HRose},
  title = 	 {Higher-order Attribute Contraction Schemes},
  institution =  {Two Sigma Investments},
  year = 	 {2015},
  OPTkey = 	 {},
  OPTtype = 	 {},
  OPTnumber = 	 {},
  OPTaddress = 	 {},
  OPTmonth = 	 {},
  OPTnote = 	 {},
  OPTannote = 	 {}
}

@Misc{hoacs-formal,
  author =    {Kristoffer Rose},
  title =     {Higher Order Attribute Contraction Schemes Formalization},
  howpublished = {SourceForge project \url{http://crsx.sf.net}},
  edition =   3,
  month =     jul,
  year =      2013}

@Misc{Rose:hor2007,
  author =    {Kristoffer H. Rose},
  title =     {{CRSX} -- An Open Source Platform for Experimenting with Higher Order Rewriting},
  howpublished = {Presented at HOR 2007},
  url = {http://www.irit.fr/~Ralph.Matthes/HOR/ProceedingsHOR2007.pdf},
  month =     jun,
  year =      2007}

@Inproceedings{Rose:hor2010,
  author    = "Rose, Kristoffer H.",
  title     = "Higher-order Rewriting for Executable Compiler Specifications",
  crossref  = "hor2010",
  pages     = "31-45",
  doi       = "10.4204/EPTCS.49.3"
}

@InProceedings{Rose:rta2011,
  author = {Kristoffer H. Rose},
  title = {{CRSX} -- Combinatory Reduction Systems with Extensions},
  crossref = {rta2011},
  pages = {81-90},
  doi = {10.4230/LIPIcs.RTA.2011.81}
}

@InCollection{GottliebsenRose:sas2009,
   author = {Hanne Gottliebsen and Kristoffer H. Rose},
   title = {Converting between Combinatory Reduction Systems and Big Step Semantics},
   booktitle = {Semantics and Algebraic Specification},
   series = lncs,
   editor = {Palsberg, Jens},
   publisher = {Springer Berlin/Heidelberg},
   pages = {297-314},
   volume = 5700,
   doi = {10.1007/978-3-642-04164-8_15},
   year = 2009
}

@Misc{dp60:ibm2013,
  key = {IBM},
  title =     {{IBM} {WebSphere} {DataPower} Appliances firmware {V6.0} Announcement},
  howpublished = {IBM United States Software Announcement 213-172},
  url = {http://www-01.ibm.com/common/ssi/rep_ca/2/897/ENUS213-172/index.html},
  month =     apr,
  year =      2013}

% Standard rewriting references.

@InProceedings{JouannaudRubio:lics1999,
  author =       {Jean-Pierre Jouannaud and Albert Rubio},
  title =        {The Higher-Order Recursive Path Ordering},
  booktitle = {Proceedings of the 14th Annual Symposium on Logic in Computer Science
   ({LICS} ’99)},
  pages =     {402-411},
  year =      1999,
  month =     apr,
  organization = {IEEE}}

@InCollection{Klop:1992:Handbook,
  author	= {Jan Willem Klop},
  title		= {Term Rewriting Systems},
  booktitle	= {Handbook of Logic in Computer Science},
  publisher	= {Oxford University Press},
  year		= 1992,
  editor	= {S. Abramsky and D. M. Gabbay and T. S. E. Maibaum},
  volume	= 2,
  chapter	= 1,
  pages		= {1-116}
}

% Other meta-programming systems.

@Article{CameronIto:toplas1984,
  author = 	{Robert D. Cameron and M. Robert Ito},
  title = 		{Grammar-Based Definition of Metaprogramming Systems},
  journal = 	{ACM Trans. on Progr. Lang. and Syst.},
  year =		1984,
  volume =	6,
  number =	1,
  pages =		{20-54},
  month =	jan,
  doi =		{10.1145/357233.357235}
}

@InProceedings{Bos+:eptcs2011,
  author = 	 {Bos, J. van den and Hills, M. A. and Klint, P. and Storm, T. van der and Vinju, J. J.},
  title = 	 {{Rascal}: From Algebraic Specification to Meta-Programming},
  booktitle = {{AMMSE 2011}---Second International Workshop on Algebraic Methods in Model-based Software Engineering},
  year = 	 2011,
  editor = 	 {Rusu, V. and Durán, F.},
  volume = 	 56,
  series = 	 {Electronic Proceedings in Theoretical Computer Science},
  pages = 	 {15-32}}

@Article{Brand+:toplas2002,
 author = "Brand, {M.G.J. van den} and J. Heering and P. Klint and P. A. Olivier",
 title = "Compiling Language Definitions: The {ASF+SDF} Compiler",
 journal = toplas,
 year = 2002,
 volume = 24,
 number = 4,
 pages = {334-368},
 doi = {10.1145/567097.567099}
}

@InProceedings{Borras+:sde1988,
  author =       {P. Borras and D. Clément and Th. Despeyroux and J. Incerpi and G. Kahn and B. Lang and V. Pascual},
  title =        {Centaur: the system},
  booktitle = {{SIGSOFT'88}---Third Annual Symposium on Software Development Environments},
  year =      1988,
  address =   {Boston, USA}
}

@InProceedings{Chlipala:icfp2008,
  author =       {Adam Chlipala},
  title =        {Parametric Higher-Order Abstract Syntax for Mechanized Semantics},
  booktitle = {Proceedings of the 13th ACM SIGPLAN International Conference on Functional Programming ({ICFP}'08)},
  year =      2008,
  editor =    {James Hook and Peter Thiemann},
  address =   {Victoria, BC, Canada},
  month =     sep,
  organization = {ACM},
  doi = {10.1145/1411204.1411226}
}

@inproceedings{GilbertMcLellan:sjcp1967,
 author = {Gilbert, Philip and McLellan, William G.},
 title = {Compiler generation using formal specification of procedure-oriented and machine languages},
 booktitle = {Proceedings of the April 18-20, 1967, spring joint computer conference},
 series = {AFIPS '67 (Spring)},
 year = 1967,
 location = {Atlantic City, New Jersey},
 pages = {447-455},
 numpages = 9,
 doi = {10.1145/1465482.1465553},
 acmid = 1465553,
 publisher = {ACM},
 address = {New York, NY, USA},
}

@incollection {Gaudel:fpc1981,
   author = {Gaudel, M.},
   affiliation = {Inria France Inria France},
   title = {Compiler generation from formal definition of programming languages: A survey},
   booktitle = {Formalization of Programming Concepts},
   series = {Lecture Notes in Computer Science},
   editor = {Díaz, J. and Ramos, I.},
   publisher = {Springer Berlin / Heidelberg},
   pages = {96-114},
   volume = 107,
   doi = {10.1007/3-540-10699-5\_94},
   year = 1981
}

@article{Wand:sn1984,
 author = {Wand, Mitchell},
 title = {A semantic prototyping system},
 journal = {SIGPLAN Not.},
 volume = {19},
 issue = {6},
 month = {June},
 year = {1984},
 issn = {0362-1340},
 pages = {213-221},
 numpages = {9},
 doi = {10.1145/502949.502895},
 acmid = {502895},
 publisher = {ACM},
 address = {New York, NY, USA},
}

@TechReport{Mosses:daimi1979,
  author = 	{Peter Mosses},
  title = 	 	{{SIS} -- Semantics Implementation System, Reference Manual and User's Guide},
  institution =	{DAIMI (Computer Science Department), Aarhus University},
  year = 	 	1979,
  number =	{MD-30},
  month =	aug
}

@Book{BjornerJones:1982,
  author =       {Bjørner, D. and Jones, C.B.},
  title =        {Formal Specification and Software Development},
  publisher =    {Prentice Hall International},
  year =         1982,
  isbn = {0-13-880733-7}
}

    




@Article{Barendregt+:ic1987,
  author	= {H. P. Barendregt and J. R. Kennaway and J. W. Klop and M. R. Sleep},
  title		= {Needed Reduction and Spine Strategies for the Lambda Calculus},
  journal	= ic,
  year		= 1987,
  volume	= 75,
  number	= 3,
  pages		= {191-231},
  month		= dec
}

@Article{RoseBlooLang:jar2012,
  author =    {Kristoffer H. Rose and Roel Bloo and Fr\'ed\'eric Lang},
  title =     {On Explicit Substitution with Names},
  journal =   {Journal of Automated Reasoning},
  year =      2012,
  volume =    49,
  number =    2,
  pages =     {275-300},
  month =     aug,
  issn =      {0168-7433},
  doi =       {10.1007/s10817-011-9222-5}
}

@TechReport{RoseBlooLang:ibm2009,
  author =       {Kristoffer H. Rose and Roel Bloo and Fr{\'e}d{\'e}ric Lang},
  title =        {On Explicit Substitution with Names},
  institution =  {{IBM} {T}homas {J}. {W}atson {R}esearch {C}enter},
  year =         2009,
  type =         {{IBM} {R}esearch {R}eport},
  number =       {RC24909},
  address =      {P.O. Box 704, Yorktown Heights, NY 10598, USA},
  month =        dec,
  url = {http://domino.research.ibm.com/library/cyberdig.nsf/reportnumber/rc24909}
}

@InProceedings{DanvyRose:rta1998,
  author	= {Olivier Danvy and Kristoffer H. Rose},
  title		= {Higher-Order Rewriting and Partial Evaluation},
  crossref      = {rta1998},
  pages		= {124-140},
  note		= {Extended version available as the technical report BRICS-RS-97-46 (\url{http://www.brics.dk/RS/97/46/})},
  doi           = {10.1007/BFb0052377}
}

@InProceedings{BlooRose:csn1995,
  author        = {Roel Bloo and Kristoffer Høgsbro Rose},
  title         = {Preservation of Strong Normalisation in Named Lambda
                  Calculi with Explicit Substitution and Garbage Collection},
  booktitle    = {{CSN~'95}---Computing Science in the Netherlands},
  year         = 1995,
  address      = {Koninklijke Jaarbeurs, Utrecht},
  month        = nov,
  pages         = {62-72},
  url           = {ftp://ftp.diku.dk/diku/semantics/papers/D-246.ps},
  annote        = {Gives a direct proof of PSN for $\lambda$x, a simple
                  explicit substitution calculus with usual names.},
  keywords      = {lambda calculus, explicit substitution, strong
                  normalisation, garbage collection}
}

@Article{DanvyRhigerRose:jfp2001,
  author =       {Olivier Danvy and Morten Rhiger and Kristoffer H. Rose},
  title =        {Normalization by evaluation with typed abstract syntax},
  journal =      jfp,
  year =         2001,
  volume =       11,
  pages =        {673-680},
  doi =          {10.1017/S0956796801004166}
}

@InProceedings{BlooRose:rta1996,
  author	= {Roel Bloo and Kristoffer H. Rose},
  title		= {Combinatory Reduction Systems with Explicit Substitution that Preserve Strong Normalisation},
  crossref      = {rta1996},
  pages		= {169-183},
  doi           = {10.1007/3-540-61464-8_51}
}

@PhDThesis{Rose:1996,
  author	= {Kristoffer H. Rose},
  title		= {Operational Reduction Models for Functional Programming
		  Languages},
  school	= {{DIKU}, University of Copenhagen},
  year		= 1996,
  address	= {Universitetsparken 1, DK-2100 K{\o}benhavn~{\O}},
  month		= feb,
  note		= {\url{http://krisrose.net/thesis.pdf}},
  pages		= 257
}

@Article{DoughertyEtal:mscs2006,
 author = {Dougherty, Daniel J. and Lescanne, Pierre and Liquori, Luigi},
 title = {Addressed term rewriting systems: application to a typed object calculus},
 journal = {Mathematical. Structures in Comp. Sci.},
 volume = 16,
 issue = 4,
 month = {August},
 year = 2006,
 issn = {0960-1295},
 pages = {667-709},
 numpages = 43,
 doi = {10.1017/S096012950600541X},
 publisher = {Cambridge University Press},
 address = {New York, NY, USA},
} 

@TechReport{DoughertyEtal:lip1999,
  author =       {Dan Dougherty and Pierre Lescanne and Luigi Liquori and Frédéric Lang and Kristoffer Rose},
  title =        {Addressed Term Rewriting Systems},
  institution =  {Laboratoire de l'informatique du parallélisme (LIP), ENS Lyon},
  year =         1999,
  type =      {RR},
  number =    {1999-30},
  month =     jun,
  url = {http://hdl.handle.net/2332/731}
}

@InProceedings{DespeyrouxEtal:tlca1995,
  author =       {Jo\"elle Despeyroux and Amy Felty and Andr\'e Hirschowitz},
  title =        {Higher-Order Abstract Syntax in Coq},
  booktitle = {Second International Conference on Typed Lambda Calculi and Applications ({TLCA}'95)},
  pages =     {124–138},
  year =      1995,
  editor =    {Mariangiola Dezani-Ciancaglini and Gordon Plotkin},
  volume =    902,
  series =    lncs,
  address =   {Edinburgh, United Kingdom},
  month =     apr,
  doi = {10.1007/BFb0014049}
}

% Dale Miller (2000). "Abstract Syntax for Variable Binders: An Overview". Computational Logic - {CL} 2000. pp. 239–253.
% Eli Barzilay, Stuart Allen (2002). "Reflecting Higher-Order Abstract Syntax in Nuprl". Theorem Proving in Higher-Order Logics 2002. pp. 23–32. ISBN 3-540-44039-9.
%Eli Barzilay (2006). "A Self-Hosting Evaluator using HOAS". ICFP Workshop on Scheme and Functional Programming 2006.

@InProceedings{Hofmann:lics1999,
  author =       {Martin Hofmann},
  title =        {Semantical analysis of higher-order abstract syntax},
  booktitle = {14th Annual IEEE Symposium on Logic in Computer Science ({LICS}'99)},
  pages =     {204-213},
  year =      1999,
  address = {Trento, Italy},
  month = jul,
  publisher = {IEEE Computer Society},
  isbn      = {0-7695-0158-3}
}

@inproceedings{ OkumaMinamide:aplas2003,
  author    = {Koji Okuma and Yasuhiko Minamide},
  title     = {Executing Verified Compiler Specification},
  pages     = {178-194},
  crossref  = {aplas2003},
  doi       = {10.1007/978-3-540-40018-9_13}
}

@Article{HickeyNogin:hosc2006,
  author =       {Jason Hickey and Aleksey Nogin},
  title =        {Formal Compiler Construction in a Logical Framework},
  journal =      {Higher-Order and Symb. Comp.},
  year =         2006,
  volume =    19,
  number =    {2-3},
  pages =     {197-230},
  month =     sep,
 doi = {10.1007/s10990-006-8746-6},
 publisher = {Kluwer Academic Publishers},
 address = {Hingham, MA, USA},
}

@InProceedings{Hughes:lfp1982,
  author =	 {John M. Hughes},
  title =	 {Super-Combinators: A New Implementation Method for
		  Applicative Languages},
  crossref =	 {lfp1982},
  pages =	 {1-10}
}

@Article{Kaplan:tcs1984,
  author =    {Stéphane Kaplan},
  title =     {Conditional rewrite rules},
  journal =   tcs,
  year =      1984,
  volume =    33,
  pages =     {175–193},
  doi =       {10.1016/0304-3975(84)90087-2}
}

% Proceedings.

@Proceedings{hor2010,
  title = {{HOR '10}---Proceedings of the 5th International Workshop on Higher-Order Rewriting},
  booktitle = {{HOR '10}---Proceedings of the 5th International Workshop on Higher-Order Rewriting, \textup{Edinburgh, Scotland, July 14, 2010}},
  editor    = {Bonelli, Eduardo},
  year      = 2011,
  series    = {Electronic Proceedings in Theoretical Computer Science},
  volume    = 49,
  publisher = {Open Publishing Association}
}

@Proceedings{lfp1982,
  title =	 {{LFP~'82}---{ACM} Symposium on {LISP} and Functional Programming},
  booktitle =	 {{LFP~'82}---{ACM} Symposium on {LISP} and Functional Programming},
  key =          {LFP~'82},
  address =	 {Pittsburgh, Pensylvania},
  year =	 1982,
  month =	 aug
}

@Proceedings{rta2011,
  title = {{RTA '11}---22nd International Conference on Rewriting Techniques and Applications},
  booktitle = {{RTA '11}---22nd International Conference on Rewriting Techniques and Applications},
  series = {Leibniz International Proceedings in Informatics (LIPIcs)},
  ISBN = {978-3-939897-30-9},
  ISSN = {1868-8969},
  year = 2011,
  volume = 10,
  editor = {Manfred Schmidt-Schau{\ss}},
  publisher = {Schloss Dagstuhl--Leibniz-Zentrum fuer Informatik},
  address = {Novi Sad, Serbia},
  month = jun
}

@Proceedings{rta1998,
  title		= {{RTA '98}---Rewriting Techniques and Applications},
  booktitle    	= {{RTA '98}---Rewriting Techniques and Applications},
  editor    	= {Tobias Nipkow},
  publisher 	= {Springer},
  address       = {Tsukuba, Japan},
  series    	= lncs,
  volume    	= 1379,
  year      	= 1998,
  month         = mar,
  note		= {Extended version available as the technical report BRICS-RS-97-46 (\url{http://www.brics.dk/RS/97/46/})}
}

@Proceedings{rta1997,
  title		= {{RTA~'97}---Rewriting Techniques and Applications},
  booktitle 	= {{RTA~'97}---Rewriting Techniques and Applications},
  editor 	= {Hubert Comon},
  series 	= lncs,
  number 	= 1232,
  address 	= {Sitges, Spain},
  publisher	= {Springer-Verlag},
  year 		= 1997,
  month 	= jun
}

@Proceedings{rta1996,
  title		= {{RTA~'96}---Rewriting Techniques and Applications},
  booktitle 	= {{RTA~'96}---Rewriting Techniques and Applications},
  editor 	= {Harald Ganzinger},
  series 	= lncs,
  number 	= 1103,
  organization	= {Rutgers University},
  address 	= {New Brunswick, New Jersey},
  publisher	= {Springer-Verlag},
  year 		= 1996,
  month 	= jul
}

@proceedings{aplas2003,
  editor    = {Atsushi Ohori},
  title     = {{APLAS 2003}---First Asian Symposium on Programming Languages and Systems},
  booktitle = {{APLAS 2003}---First Asian Symposium on Programming Languages and Systems},
  address   = {Beijing, China},
  publisher = {Springer},
  series    = {Lecture Notes in Computer Science},
  volume    = {2895},
  year      = {2003},
  month     = nov,
  isbn      = {3-540-20536-5}
}

% Historic references with some rewriting.

@Book{Knuth:1973:TAOCP,
  author = 	 {Donald E. Knuth},
  title = 	 {Fundamental Algorithms},
  publisher = 	 {Addison-Wesley},
  year = 	 1973,
  series =	 {The Art of Computer Programming},
  volume =	 1
}

@Article{Knuth:mst1968,
  author =	 {Donald E. Knuth},
  title =	 {Semantics of Context-Free Languages},
  journal =	 {Mathematical Systems Theory},
  year =	 1968,
  volume =	 2,
  number =       2,
  pages =	 {127-145},
  doi =          {10.1007/BF01692511}
}

@InCollection{KnuthBendix:1970,
  author = 	 {Donald E. Knuth and P. Bendix},
  title = 	 {Simple Word Problems in Universal Algebras},
  booktitle =	 {Computational Problems in Abstract Algebra},
  publisher =	 {Pergamon Press},
  year =	 1970,
  editor =	 {J. Leech},
  pages =	 {263-297},
  address =	 {Elmsford, N.Y.}
}

@Article{deBruijn:knaw1972,
  author = 	 {N. G. de Bruijn},
  title = 	 {Lambda calculus notation with nameless dummies, a
		  tool for automatic formula manipulation with
		  application to the {C}hurch-{R}osser theorem},
  journal = 	 {Koninklijke Nederlandse Akademie van Wetenschappen,
		  Series A, Mathematical Sciences},
  year = 	 1972,
  volume = 	 75,
  pages = 	 {381-392},
  note =         {Also chapter C.2 of \cite{NGV94:SelectedPA}},
  annote =       {Seminal paper introducing what is now known as
                  de~Bruijn indices \& levels.}
}

% Auxiliary references

@Misc{Parr:2008:tree,
  author =    {Terence Parr},
  title =     {ANTLR v3 Tree Grammars},
  year =      2008,
  url = {http://www.antlr.org/wiki/display/ANTLR3/Tree+construction}
}

@Article{ParrQuong:spe1994,
    author = {Terence J. Parr and Russell W. Quong},
    title = {{ANTLR}: A Predicated-{LL}(k) Parser Generator},
    journal = {Software Practice and Experience},
    year = 1994,
    volume = 25,
    pages = {789-810}
}

@InProceedings{CluetMoerkotte:1993:dblp,
    author = {Sophie Cluet and Guido Moerkotte},
    title = {Nested Queries in Object Bases},
    booktitle = {In Proc. Int. Workshop on Database Programming Languages},
    year = {1993},
    pages = {226-242}
}

@Article{RothEtal:1988:tods,
 author = {Roth, Mark A. and Korth, Herry F. and Silberschatz, Abraham},
 title = {Extended algebra and calculus for nested relational databases},
 journal = {ACM Trans. Database Syst.},
 volume = {13},
 number = {4},
 year = {1988},
 issn = {0362-5915},
 pages = {389-417},
 doi = {10.1145/49346.49347},
 publisher = {ACM},
 address = {New York, NY, USA},
}

@InProceedings{GhelliEtal:2007:dbpl,
 author = {Ghelli, Giorgio and Onose, Nicola and Rose, Kristoffer and Sim\'{e}on, J\'{e}r\^{o}me},
 title = {A better semantics for XQuery with side-effects},
 booktitle = {DBPL'07: Proceedings of the 11th international conference on Database programming languages},
 year = {2007},
 isbn = {3-540-75986-7, 978-3-540-75986-7},
 pages = {81-96},
 location = {Vienna, Austria},
 publisher = {Springer-Verlag},
 address = {Berlin, Heidelberg},
}

@Manual{ICU,
  title =        {{ICU} -- International Components for Unicode},
  key =       {ICU},
  organization = {ICU Project Management Committee},
  edition =   {54},
  month =     oct,
  year =      2014,
  url = {http://site.icu-project.org/home}
}

@Manual{JavaCC,
  title =        {{Java} Compiler Compiler ({JavaCC}) - The {Java} Parser Generator},
  key =       {JavaCC},
  author =    {Sreeni Viswanadha and Sriram Sankar and others},
  organization = {Sun},
  edition =   {4.0},
  month =     jan,
  year =      2006,
  url = {https://javacc.java.net/}
}

@Manual{JJTree,
  title =        {{JavaCC}[tm]: {JJTree} Reference Documentation},
  author = {Sun},
  url = {http://javacc.java.net/doc/JJTree.html}
}

@PhdThesis{Gagnon:1998,
  author =       {Étienne Gagnon},
  title =        {{SableCC}, an Object-Oriented Compiler Framework},
  school =       {School of Computer Science, McGill University},
  year =         1998,
  month =     mar,
  url = {http://sablecc.sourceforge.net/thesis/thesis.html}
}

@Book{AhoSetiUllman:1986,
  author =	 {A. V. Aho and R. Sethi and J. D. Ullman},
  title =	 {Compilers: Principles, Techniques and Tools},
  booktitle =	 {Compilers: Principles, Techniques and Tools},
  publisher =	 {Addison-Wesley},
  year =	 1986
}

@Book{Aho+:2006,
  author =	 {Alfred V. Aho and Monica S. Lam and Ravi Sethi and Jeffrey D. Ullman},
  title =	 {Compilers: Principles, Techniques and Tools},
  publisher =	 {Pearson Education, Inc},
  edition = {second},
  year =	 2006,
  url = {http://dragonbook.stanford.edu/}
}

@Book{Appel:1998,
  author =	 {Andrew Appel},
  title =	 {Modern Compiler Implementation in Java},
  publisher =	 {Cambridge University Press},
  year =	 1998
}

@Article{NaurEtal:cacm1960,
  author = 	 {P. Naur and others},
  title = 	 {Report on the Algorithmic Language {ALGOL} 60},
  journal = 	 cacm,
  year = 	 1960,
  volume = 	 3,
  pages = 	 {299-314},
  doi = {10.1145/367236.367262}
}

@TechReport{ScottStrachey:1971,
  author =       {Dana Scott and Christopher Strachey},
  title =        {Toward a mathematical semantics for computer languages},
  institution =  {Oxford Programming Research Group},
  year =         1971,
  type =      {Technical Monograph},
  number =    {PRG-6},
  address =   {Oxford, England}
}

@InProceedings{Despeyroux:lics1986,
  author    = {Jo{\"e}lle Despeyroux},
  title     = {Proof of Translation in Natural Semantics},
  pages     = {193-205},
  crossref  = {lics1986}
}

@proceedings{lics1986,
  title     = {First Symposium on Logic in Computer Science},
  booktitle = {First Symposium on Logic in Computer Science},
  month = jun,
  address = {Cambridge, Massachusetts, USA},
  organization = {IEEE Computer Society},
  year      = 1986
}

@inproceedings{PfenningElliot:pldi1988,
 author = {Frank Pfenning and Conal Elliot},
 title = {Higher-order abstract syntax},
 booktitle = {{PLDI} '88: Proceedings of the ACM SIGPLAN 1988 Conference on Programming Language Design and Implementation},
 year = {1988},
 isbn = {0-89791-269-1},
 pages = {199-208},
 location = {Atlanta, Georgia, United States},
 doi = {10.1145/53990.54010},
 publisher = {ACM},
 address = {New York, NY, USA},
}

@article{PeytonJonesEtal:jfp2003,
  author = {Simon {Peyton Jones} and others},
  title = {The {Haskell} 98 Language and Libraries: The Revised Report},
  journal = {Journal of Functional Programming},
  volume = 13,
  number = 1,
  pages = {i-xii,1-255},
  month = {Jan},
  year = 2003,
  url = {http://www.haskell.org/definition/}
}

@Misc{Marlow:haskell2010,
  author = 	 {Simon Marlow (editor)},
  title = 	 {{Haskell} 2010 Language Report},
  year = 	 2010,
  url = 	 {https://www.haskell.org/onlinereport/haskell2010/}
}

@book{Haskell98Book
     ,editor={Simon Peyton Jones}
     ,title={Haskell 98 Language and Libraries -- The Revised Report}
     ,publisher={Cambridge University Press}
     ,address={Cambridge, England}
     ,year=2003
     }

@InCollection{MarlowPeyton-Jones:2010,
  author = 	 {Simon Marlow and Peyton-Jones, Simon},
  title = 	 {The {G}lasgow {H}askell {C}ompiler},
  booktitle = 	 {Structure, Scale, and a Few More Fearless Hacks},
  publisher = {Lulu.com},
  year = 	 2012,
  volume = 	 {II},
  series = 	 {The Architecture of Open Source Applications},
  chapter = 	 5,
  month = 	 may,
  url = {http://www.aosabook.org/en/ghc.html}
}

@TechReport{w3c:xmlnamespaces,
  author =       {Tim Bray and Dave Hollander and Andrew Layman and Richard Tobin and Henry S. Thompson},
  title =        {Namespaces in {XML} 1.0 (Third Edition)},
  institution =  {World Wide Web Consortium},
  year =         2009,
  type =         {{W3C} Recommendation},
  month =        dec,
  url =          {http://www.w3.org/TR/2009/REC-xml-names-20091208/}
}

@TechReport{w3c:xquery,
  author =       {Scott Boag and Don Chamberlain and Mary F. Fern{\'a}ndez and Daniela Florescu and Jonathan Robie and J{\'e}r{\^o}me Sim{\'e}on},
  title =        {{XQuery} 1.0: An {XML} Query Language},
  institution =  {World Wide Web Consortium},
  year =         2007,
  type =      {{W3C} Recommendation},
  month =     jan,
  url = {http://www.w3.org/TR/2007/REC-xquery-20070123/}
}

@TechReport{w3c:xqueryfs,
  author =       {Denise Draper and Peter Fankhauser and Mary Fern{\'a}ndez and Ashok Malhotra and Kristoffer H. Rose and Michael Rys and J{\'e}r{\^o}me Sim{\'e}on and Philip Wadler},
  title =        {{XQ}uery 1.0 and {XP}ath 2.0 Formal Semantics},
  institution =  {World Wide Web Consortium},
  year =         2007,
  type =      {{W3C} Recommendation},
  month =     jan,
  url = {http://www.w3.org/TR/2007/REC-xquery-semantics-20070123/}
}

@article{Dave:sen2003,
 author = {Dave, Maulik A.},
 title = {Compiler verification: a bibliography},
 journal = {SIGSOFT Softw. Eng. Notes},
 volume = 28,
 number = 6,
 year = 2003,
 issn = {0163-5948},
 pages = {2-2},
 doi = {10.1145/966221.966235},
 publisher = {ACM},
 address = {New York, NY, USA},
}

@InProceedings{Miller:lf1990,
  author =       {Dale Miller},
  title =        {An Extension to {ML} to Handle Bound Variables in Data Structures},
  booktitle = {Preliminary Proceedings of Logical Frameworks BRA Workshop},
  year =      1990,
  note =      {Available as UPenn CIS technical report MS-CIS-90-59.}
}

@article{FernandezGabbay:ic2007,
 author = {Fern{\'a}ndez, Maribel and Gabbay, Murdoch J.},
 title = {Nominal rewriting},
 journal = {Inf. Comput.},
 volume = 205,
 number = 6,
 year = 2007,
 issn = {0890-5401},
 pages = {917-965},
 doi = {10.1016/j.ic.2006.12.002},
 publisher = {Academic Press, Inc.},
 address = {Duluth, MN, USA},
}

@article{PfenningElliot:sn1988,
 author = {Frank Pfenning and Conal Elliot},
 title = {Higher-Order Abstract Syntax},
 journal = {SIGPLAN Notices},
 volume = 23,
 number = 7,
 year = 1988,
 issn = {0362-1340},
 pages = {199-208},
 doi = {10.1145/960116.54010},
 publisher = {ACM},
 address = {New York, NY, USA},
 }

@article{Bravenboer+:fi2006,
  author     = {Martin Bravenboer and Arthur van Dam and Karina Olmos and Eelco Visser},
  title      = {Program Transformation with Scoped Dynamic Rewrite Rules},
  journal    = {Fundamenta Informaticae},
  year       = 2006,
  volume     = 69,
  number     = {1-2},
  pages      = {123-178}
}

@InProceedings{KesnerRenaud:mfcs2009,
  author =    {Delia Kesner and Fabien Renaud},
  title =     {The Prismoid of Resources},
  booktitle = {34th International Symposium on Mathematical Foundations of Computer Science (MFCS)},
  pages =     {464-476},
  year =      2009,
  number =    5734,
  series =    {LNCS},
  address =   {Novy Smokovec, High Tatras, Slovakia},
  month =     aug,
  publisher = {Springer-Verlag},
  doi =       {10.1007/978-3-642-03816-7_40}
}

@Article{BrandEtal:toplas2002,
 author = "Brand, {M. G. J. van den} and J. Heering and P. Klint and P. A. Olivier",
 title = "{C}ompiling {R}ewrite {S}ystems: {T}he {A}{S}{F}+{S}{D}{F} {C}ompiler",
 journal = "ACM Transactions on Programming Languages and Systems",
 year = 2002,
 volume = 24,
 number = 4,
 pages = {334-368}
}

@article{DeursenKlintTip:jsc1993,
 author = "Deursen, {A. van} and P. Klint and F. Tip",
 title = {Origin Tracking},
 journal = {Journal of Symbolic Computation},
 volume = 15,
 pages = {523-545},
 year = 1993
}

@InProceedings{Liang:padl2002,
  author =    {Chuck C. Liang},
  title =     {Compiler Construction in Higher Order Logic Programming},
  booktitle = {Practical Aspects of Declarative Languages},
  pages =     {47–63},
  year =      2002,
  volume =    2257,
  series =    lncs,
  address =   {Portland, OR, USA},
  month =     jan
}

@article {Diehl:fac2000,
   author = {Diehl, Stephan},
   affiliation = {Universität des Saarlandes, Saarbrücken, Germany DE},
   title = {Natural Semantics-Directed Generation of Compilers and Abstract Machines},
   journal = {Formal Aspects of Computing},
   publisher = {Springer London},
   issn = {0934-5043},
   keyword = {Computer Science},
   pages = {71-99},
   volume = {12},
   issue = {2},
   doi = {dx.doi.org/10.1007/PL00003929},
   note = {10.1007/PL00003929},
   year = {2000}
}

@Manual{Fritzson:2006,
  title =     {Efficient Language Implementation by Natural Semantics},
  author =    {Peter Fritzson},
  edition =   {Book Draft 0.97},
  month =     mar,
  year =      2006,
  url =       {http://www.ida.liu.se/~pelab/rml/}
}

@InProceedings{KlintvandDerStormVinju:scam2009,
  author = 	 {KlintVinjuvanderStorm:scam2009},
  title = 	 {{\textsc{Rascal}}: A Domain Specific Language for Source Code Analysis and Manipulation},
  booktitle =    {International Workshop on Source Code Analysis and Manipulation},
  year = 	 2009,
  pages = 	 {168-177},
  organization = {IEEE Computer Society}}

@Book{Stoy:1977,
  author = 	 {J. E. Stoy},
  title = 	 {Denotational Semantics: The Scott-Strachey Approach
		  to Programming Language Theory},
  booktitle = 	 {Denotational Semantics: The Scott-Strachey Approach
		  to Programming Language Theory},
  publisher = 	 {{MIT} Press},
  year = 	 1977,
  address = 	 {Cambridge, Mass.}
}

@Book{Barendregt:1984,
  author = 	 {Henk P. Barendregt},
  title = 	 {The Lambda Calculus: Its Syntax and Semantics},
  publisher = 	 {North-Holland},
  year = 	 1984,
  edition = 	 {Revised},
  annote =       {Standard reference work on untyped $\lambda$-calculus.}
}

@Book{Church:1941,
  author = 	 {Alonzo Church},
  title = 	 {The Calculi of Lambda-Conversion},
  publisher = 	 {Princeton University Press},
  year = 	 1941,
  address =	 {Princeton, N. J.}
}

@TechReport{VogtSwierstraKuiper:uu1989,
  author = 	 {Vogt, H.H. and Swierstra, S.D. and Kuiper, M.F},
  title = 	 {Higher Order Attribute Grammars},
  institution =  {Utrecht University},
  year = 	 1989,
  number = 	 {RUU-CS-89-4}
}

@inproceedings{VogtSwierstraKuiper:pldi1989,
 author = {Vogt, H. H. and Swierstra, S. D. and Kuiper, M. F.},
 title = {Higher Order Attribute Grammars},
 booktitle = {Proceedings of the ACM SIGPLAN 1989 Conference on Programming Language Design and Implementation},
 series = {PLDI '89},
 year = {1989},
 isbn = {0-89791-306-X},
 location = {Portland, Oregon, USA},
 pages = {131--145},
 numpages = {15},
 url = {http://doi.acm.org/10.1145/73141.74830},
 doi = {10.1145/73141.74830},
 acmid = {74830},
 publisher = {ACM},
 address = {New York, NY, USA},
} 

@PhdThesis{Kop:2012,
  author = 	 {Cynthia L. M. Kop},
  title = 	 {Higher Order Termination},
  school = 	 {Institute for Programming Research and Algorithmics, Vrije Universiteit Amsterdam},
  year = 	 2012,
  note = 	 {IPA Dissertation Series 2012-14},
  isbn =         {978-94-6203-164-7},
  url = {http://hdl.handle.net/1871/39346}
}

@Article{BlanquiJouannaudOkada:tcs2002,
  author    = {Fr{\'e}d{\'e}ric Blanqui and Jean-Pierre Jouannaud and Mitsuhiro Okada},
  title     = {Inductive-data-type Systems},
  journal   = tcs,
  year      = {2002},
  volume    = {272},
  number    = {1-2},
  pages     = {41--68},
  doi       = {10.1016/S0304-3975(00)00347-9},
  note      = {Corrected version in \url{http://arxiv.org/abs/cs/0610063}.}
}

@InProceedings{Konat+:sle2012,
  title = {Declarative Name Binding and Scope Rules},
  author = {Gabriël D. P. Konat and Lennart C. L. Kats and Guido Wachsmuth and Eelco Visser},
  year = 2013,
  doi = {10.1007/978-3-642-36089-3_18},
  url = {http://researchr.org/publication/KonatKWV13},
  pages = {311-331},
  booktitle = {Software Language Engineering, 5th International Conference, SLE 2012, Dresden, Germany, September 26-28, 2012, Revised Selected Papers},
  editor = {Krzysztof Czarnecki and Görel Hedin},
  volume = 7745,
  series = {Lecture Notes in Computer Science},
  publisher = {Springer}
}

@Article{DouenceFradet:hosc2007,
  author = 	 {Rémi Douence and Pascal Fradet},
  title = 	 {The next 700 {K}rivine machines},
  journal = 	 {Higher-Order and Symbolic Computation},
  year = 	 2007,
  volume = 	 20,
  number = 	 3,
  pages = 	 {237-255},
  doi = {10.1007/s10990-007-9016-y}
}

@Book{GruneJacobs:2008,
  author = 	 {Dick Grune and Ceriel J.H. Jacobs},
  title = 	 {Parsing Techniques: A Practical Guide},
  edition = {second},
  publisher = 	 {Springer},
  year = 	 2008,
  isbn = {978-1-4419-1901-4},
  note = {Additional references at \url{http://dickgrune.com/Books/PTAPG_2nd_Edition/Additional.html}.}
}

@InProceedings{Jouannaud:klop2005,
    author = {Jouannaud, Jean-Pierre},
    title = {Higher-Order rewriting: Framework, Confluence and termination},
    booktitle = {Processes, Terms and Cycles: Steps on the road to infinity---Essays Dedicated to {Jan Willem Klop} on the occasion of his 60th Birthday},
    volume =    3838,
    series =    lncs,
    year = {2005},
    pages = {224--250},
    publisher = {Springer Verlag},
    url = {http://www.lix.polytechnique.fr/~jouannaud/articles/hor-fct.pdf}
}

@Manual{man:regex,
  title = 	 {POSIX.2 regular expressions},
  organization = {POSIX},
  year = 	 2009,
  url = {http://man7.org/linux/man-pages/man7/regex.7.html}
}


@Misc{git:hacsel,
  author = 	 {John Downs},
  title = 	 {{hacsel} {Emacs} mode for {HACS}},
  url = {https://github.com/jdowns/hacsel},
  howpublished = {Github},
  month = 	 feb,
  year = 	 2015}

@Misc{git:hacs-sublime,
  author = 	 {Tyler Palsulich},
  title = 	 {Sublime Text mode for {HACS}},
  howpublished = {GitHub},
  month = 	 dec,
  year = 	 2014,
  url = {https://github.com/tpalsulich/hacs_sublime_text_theme}
}

@Book{Quine:1940,
  editor = 	 {Quine, W. V.},
  title = 	 {Mathematical Logic},
  publisher = 	 {Harvard University Press, Cambridge, MA},
  year = 	 1940,
  edition = 	 {Revised},
  note = 	 {Reprinted 2003 (ISBN 0-674-55451-5)}
}

@Misc{RoseRose:cims2015,
  author = 	 {Eva Rose and Kristoffer H. Rose},
  title = 	 {Compiler Construction},
  howpublished = {The graduate school computer science Compiler
                  Construction class (CSCI-GA.2130) at the Courant
                  Institute for the Mathematical Sciences, New York
                  University},
  year = 	 2015,
  url = {http://cs.nyu.edu/courses/fall15/CSCI-GA.2130-001/}
}

@article{FeldmanGries:cacm1968,
 author = {Feldman, Jerome and Gries, David},
 title = {Translator Writing Systems},
 journal = {Commun. ACM},
 issue_date = {Feb. 1968},
 volume = 11,
 number = 2,
 month = feb,
 year = 1968,
 issn = {0001-0782},
 pages = {77--113},
 numpages = 37,
 url = {http://doi.acm.org/10.1145/362896.362902},
 doi = {10.1145/362896.362902},
 acmid = 362902,
 publisher = {ACM},
 address = {New York, NY, USA},
 keywords = {compiler compiler-compiler, generator, macroprocessor, meta-assembler, metacompiler, parser, semantics, syntactic analysis, syntax, syntax-directed, translator, translator writing system},
}

@TechReport{Rose:mit2014,
  author = 	 {Eva Rose},
  title = 	 {Constraint Generation for the Jeeves Privacy Language},
  institution =  {MIT},
  year = 	 2014,
  type = 	 {CSAIL Technical Report},
  number = 	 {MIT-CSAIL-TR-2014-020},
  month = 	 oct,
  url = {http://hdl.handle.net/1721.1/90560}
}

@InProceedings{Morrisett+:popl1998,
  author = 	 {Greg Morrisett and David Walker and Karl Crary and Neal Glew},
  title = 	 {From System F to Typed Assembly Language},
  booktitle = {Twenty-Fifth ACM SIGPLAN-SIGACT Symposium on Principles of Programming Languages},
  year = 	 1998,
  pages = 	 {85-97},
  month = 	 {San Diego, CA, USA}
}
